
@article{buffa2011isogeometric,
  title={Isogeometric discrete differential forms in three dimensions},
  author={Buffa, Annalisa and Rivas, Judith and Sangalli, Giancarlo and V{\'a}zquez, Rafael},
  journal={SIAM Journal on Numerical Analysis},
  volume={49},
  number={2},
  pages={818--844},
  year={2011},
  publisher={SIAM}
}

@phdthesis{zhao2004analysis,
  title={Analysis of finite element approximation and iterative methods for time-dependent Maxwell problems},
  author={Zhao, Jun},
  year={2004},
  school={Texas A\&M University}
}

@article{pasciak2002overlapping,
  title={Overlapping Schwarz methods in H(curl) on nonconvex domains, East-West J},
  author={Pasciak, J and Zhao, J},
  journal={Numer. Anal},
  volume={10},
  pages={221--234},
  year={2002}
}

@book{piegl1996nurbs,
  title={The NURBS book},
  author={Piegl, Les and Tiller, Wayne},
  year={1996},
  publisher={Springer Science \& Business Media}
}

@book{schumaker2007spline,
  title={Spline functions: basic theory},
  author={Schumaker, Larry},
  year={2007},
  publisher={Cambridge University Press}
}

@book{rogers2001introduction,
  title={An introduction to NURBS: with historical perspective},
  author={Rogers, David F},
  year={2001},
  publisher={Morgan Kaufmann}
}

@book{prautzsch2002bezier,
  title={B{\'e}zier and B-spline techniques},
  author={Prautzsch, Hartmut and Boehm, Wolfgang and Paluszny, Marco},
  year={2002},
  publisher={Springer Science \& Business Media}
}

@book{gu2008computational,
  title={Computational conformal geometry},
  author={Gu, Xianfeng David and Yau, Shing-Tung},
  volume={1},
  year={2008},
  publisher={International Press Somerville, MA}
}

@book{farin2002curves,
  title={Curves and surfaces for CAGD: a practical guide},
  author={Farin, Gerald E and Farin, Gerald},
  year={2002},
  publisher={Morgan Kaufmann}
}

@book{farin1999nurbs,
  title={NURBS for Curve \& Surface Design: From Projective Geometry to Practical Use},
  author={Farin, Gerald},
  year={1999},
  publisher={CRC Press}
}

@book{cohen2001geometric,
  title={Geometric modeling with splines: an introduction},
  author={Cohen, Elaine and Riesenfeld, Richard F and Elber, Gershon},
  year={2001},
  publisher={CRC Press}
}

@article{hiptmair2007nodal,
  title={Nodal auxiliary space preconditioning in H (curl) and H (div) spaces},
  author={Hiptmair, Ralf and Xu, Jinchao},
  journal={SIAM Journal on Numerical Analysis},
  volume={45},
  number={6},
  pages={2483--2509},
  year={2007},
  publisher={SIAM}
}

@book{adams2003sobolev,
  title={Sobolev spaces},
  author={Adams, Robert A and Fournier, John JF},
  year={2003},
  publisher={Elsevier}
}

@book{monk2003finite,
  title={Finite element methods for Maxwell's equations},
  author={Monk, Peter and others},
  year={2003},
  publisher={Oxford University Press}
}

@book{girault2012finite,
  title={Finite element methods for Navier-Stokes equations: theory and algorithms},
  author={Girault, Vivette and Raviart, Pierre-Arnaud},
  volume={5},
  year={2012},
  publisher={Springer Science \& Business Media}
}

@incollection{kolev2008auxiliary,
  title={Auxiliary space AMG for H (curl) problems},
  author={Kolev, Tzanio V and Vassilevski, Panayot S},
  booktitle={Domain decomposition methods in science and engineering XVII},
  pages={147--154},
  year={2008},
  publisher={Springer}
}


@article{kolev2009parallel,
  title={Parallel auxiliary space AMG for H (curl) problems},
  author={Kolev, Tzanio V and Vassilevski, Panayot S},
  journal={Journal of Computational Mathematics},
  pages={604--623},
  year={2009},
  publisher={JSTOR}
}

@article{chen2015auxiliary,
  title={An auxiliary space multigrid preconditioner for the weak Galerkin method},
  author={Chen, Long and Wang, Junping and Wang, Yanqiu and Ye, Xiu},
  journal={Computers \& Mathematics with Applications},
  volume={70},
  number={4},
  pages={330--344},
  year={2015},
  publisher={Elsevier}
}

@article{hiptmair2006auxiliary,
  title={Auxiliary space preconditioning in H 0 (curl; $\Omega$)},
  author={Hiptmair, Ralf and Widmer, Gisela and Zou, Jun},
  journal={Numerische Mathematik},
  volume={103},
  number={3},
  pages={435--459},
  year={2006},
  publisher={Springer}
}

@article{xu1992iterative,
  title={Iterative methods by space decomposition and subspace correction},
  author={Xu, Jinchao},
  journal={SIAM review},
  volume={34},
  number={4},
  pages={581--613},
  year={1992},
  publisher={SIAM}
}

@book{nepomnyaschikh1991decomposition,
  title={Decomposition and fictitious domains methods for elliptic boundary value problems},
  author={Nepomnyaschikh, SV},
  year={1991},
  publisher={Citeseer}
}

@article{bazilevs2006isogeometric,
  title={Isogeometric analysis: approximation, stability and error estimates for h-refined meshes},
  author={Bazilevs, Yuri and Beirao da Veiga, L and Cottrell, J Austin and Hughes, Thomas JR and Sangalli, Giancarlo},
  journal={Mathematical Models and Methods in Applied Sciences},
  volume={16},
  number={07},
  pages={1031--1090},
  year={2006},
  publisher={World Scientific}
}

@article{da2014mathematical,
  title={Mathematical analysis of variational isogeometric methods},
  author={Da Veiga, L Beirao and Buffa, Annalisa and Sangalli, Giancarlo and V{\'a}zquez, Rafael},
  journal={Acta Numerica},
  volume={23},
  pages={157},
  year={2014},
  publisher={Cambridge University Press}
}

@article{hughes2005isogeometric,
  title={Isogeometric analysis: CAD, finite elements, NURBS, exact geometry and mesh refinement},
  author={Hughes, Thomas JR and Cottrell, John A and Bazilevs, Yuri},
  journal={Computer methods in applied mechanics and engineering},
  volume={194},
  number={39-41},
  pages={4135--4195},
  year={2005},
  publisher={Elsevier}
}

@book{cottrell2009isogeometric,
  title={Isogeometric analysis: toward integration of CAD and FEA},
  author={Cottrell, J Austin and Hughes, Thomas JR and Bazilevs, Yuri},
  year={2009},
  publisher={John Wiley \& Sons}
}

@article{mazza2019,
  title={Spectral analysis and spectral symbol for the 2D curl-curl (stabilized) operator with applications to the related iterative solutions},
  author={Mazza, Mariarosa and Ratnani, Ahmed and Serra-Capizzano, Stafano},
  journal={Mathematics of Computation},
  volume={88},
  pages={1155-1188},
  year={2019},
  publisher={American Mathematical Society}
}

@article{garoni2014,
  author="Garoni, Carlo
  and Manni, Carla
  and Pelosi, Francesca
  and Serra-Capizzano, Stefano
  and Speleers, Hendrik",
  title="On the spectrum of stiffness matrices arising from isogeometric analysis",
  journal="Numerische Mathematik",
  year="2014",
  volume="127",
  number="4",
  pages="751--799",
  issn="0945-3245",
  doi="10.1007/s00211-013-0600-2",
  url="http://dx.doi.org/10.1007/s00211-013-0600-2"
}


@article{sangalli2016,
  author = {Sangalli, Giancarlo and Tani, Mattia},
  title = {Isogeometric Preconditioners Based on Fast Solvers for the Sylvester Equation},
  journal = {SIAM Journal on Scientific Computing},
  volume = {38},
  number = {6},
  pages = {A3644-A3671},
  year = {2016},
  doi = {10.1137/16M1062788},
}

@article{lynch1964,
  author = {Lynch, R.E. and Rice, J.R. and Thomas, D.H.},
  title = {Direct solution of partial difference equations by tensor product methods},
  journal = {Numerische Mathematik},
  volume = {6},
  pages = {185-199},
  year = {1964},
  doi = {10.1007/BF01386067},
}

@book{Bernstein_book,
  title={Matrix Mathematics: Theory, Facts, and Formulas},
  author={Bernstein D. S.},
  publisher={PRINCETON UNIVERSITY PRESS},
  isbn={978-0-691-13287-7},
  year={2009},
  edition={second}
}


@book{Graham_book,
author = {A. Graham},
title = {Kronecker products and matrix calculus with applications},
year = {1981},
masid = {1343202}
}

@article{vanloan2000,
 author = {van Loan, Charles F.},
 title = {The ubiquitous Kronecker product},
 journal = {J. Comput. Appl. Math.},
 volume = {123},
 issue = {1-2},
 month = {November},
 year = {2000},
 issn = {0377-0427},
 pages = {85--100},
 numpages = {16},
 url = {http://portal.acm.org/citation.cfm?id=363882.363888},
 doi = {10.1016/S0377-0427(00)00393-9},
 acmid = {363888},
 publisher = {Elsevier Science Publishers B. V.},
 address = {Amsterdam, The Netherlands, The Netherlands},
} 

